@incollection{theorie_digitale_transformation_beschaffung_automobilindustrie_2019,
	address = {Wiesbaden},
	title = {Digitale {Transformation} der {Beschaffung} am {Beispiel} der deutschen {Automobilindustrie}},
	isbn = {978-3-658-22129-4},
	url = {https://doi.org/10.1007/978-3-658-22129-4_27},
	abstract = {Spätestens Tesla hätte die Automobilindustrie aufwecken sollen: Innovative Marktteilnehmer und technische Innovationen forcieren auch in dieser Branche eine Veränderung von Geschäftsprozessen oder ganzen Geschäftsmodellen. Die Forschung hinsichtlich des Einflusses der Digitalisierung auf Beschaffung und Einkauf steckt im Gegensatz zu anderen betrieblichen Funktionsbereichen wie bspw. der Produktion allerdings noch in den Kinderschuhen. Aus diesen Gründen gibt dieser Beitrag auf Basis wissenschaftlicher Literatur und aus der Sicht von Praktikern einen Einblick in die digitale Transformation der Beschaffung in der deutschen Automobilindustrie. Dabei eilt die wissenschaftliche Literatur der Unternehmenspraxis in vielen Bereichen voraus. Aktuell stehen in der Praxis oft noch Themen aus längst als etabliert geglaubten Digitalisierungsstufen auf der Agenda.},
	language = {de},
	urldate = {2024-07-01},
	booktitle = {Geschäftsmodelle in der digitalen {Welt}: {Strategien}, {Prozesse} und {Praxiserfahrungen}},
	publisher = {Springer Fachmedien},
	author = {Karl, David and Sucky, Eric and Klatt, Alina},
	editor = {Becker, Wolfgang and Eierle, Brigitte and Fliaster, Alexander and Ivens, Björn and Leischnig, Alexander and Pflaum, Alexander and Sucky, Eric},
	year = {2019},
	doi = {10.1007/978-3-658-22129-4_27},
	pages = {539--558},
	file = {Full Text PDF:/Users/I570199/Zotero/storage/48VK98Y9/Karl et al. - 2019 - Digitale Transformation der Beschaffung am Beispie.pdf:application/pdf},
}

@misc{theorie_sap_webseite_dms_übersicht_2024,
	title = {{SAP}-{Lösungen} für die {Produktbeschaffung} {\textbar} {Software} für die {Produktbeschaffung}},
	url = {https://www.sap.com/germany/products/spend-management/product-sourcing-software.html},
	abstract = {Versetzen Sie Beschaffungs- und Commodity-Management-Teams in die Lage, für Direktmaterialien mit hohem Wert entsprechende Beschaffungsverträge mit SAP-Software für die Produktbeschaffung abzuschließen.},
	language = {German},
	urldate = {2024-06-26},
	journal = {SAP},
	author = {{SAP SE}},
	year = {2024},
	file = {Snapshot:/Users/I570199/Zotero/storage/DB4RBYGU/product-sourcing-software.html:text/html},
}

@misc{theorie_sap_plm_übersicht_2024,
	title = {{SAP} {Product} {Lifecycle} {Management} {\textbar} {PLM} {Cloud} and {Collaborative} {Innovation}},
	url = {https://www.sap.com/products/scm/product-lifecycle-management.html},
	abstract = {Accelerate product development and reduce costs by enabling collaborative innovation with the SAP Product Lifecycle Management solution.},
	language = {English},
	urldate = {2024-07-01},
	journal = {SAP},
	author = {{SAP SE}},
	year = {2024},
	file = {Snapshot:/Users/I570199/Zotero/storage/GYMNZUCP/product-lifecycle-management.html:text/html},
}

@misc{theorie_sap_procurement_planning_overview_2024,
	title = {Procurement project management for new product introduction: {Efficiently} plan and manage automotive and industrial manufacturing sourcing activities},
	url = {https://www.sap.com/documents/2021/07/f4c209e2-ed7d-0010-bca6-c68f7e60039b.html},
	abstract = {Discover how the SAP Ariba Procurement Planning solution supports launches of highly engineered products to help you plan and manage new product innovation or forward sourcing programs.},
	language = {English},
	urldate = {2024-07-01},
	journal = {SAP},
	author = {{SAP SE}},
	year = {2024},
	file = {Snapshot:/Users/I570199/Zotero/storage/HE3H9296/f4c209e2-ed7d-0010-bca6-c68f7e60039b.html:text/html},
}

@misc{theorie_sap_supplier_quotation_management_help_2024,
	title = {Introduction: {Managing} {Quotations} with {SAP} {S}/{4HANA} for {Supplier} {Quotation} {Management} {\textbar} {SAP} {Help} {Portal}},
	url = {https://help.sap.com/docs/SCP_QUOTATION/3ba80afb5d1841e6a94f91b07a003c20/6d8d6800afab45caae8da141381c2986.html?version=2402},
	urldate = {2024-07-01},
	author = {{SAP SE}},
	year = {2024},
	file = {Introduction\: Managing Quotations with SAP S/4HANA for Supplier Quotation Management | SAP Help Portal:/Users/I570199/Zotero/storage/MKY83KLE/6d8d6800afab45caae8da141381c2986.html:text/html},
}

@misc{theorie_sap_enterprise_contract_management_2024,
	title = {{SAP} {Enterprise} {Contract} {Management}},
	url = {https://solutionportfolio.net.sap/industry/HANAOP/object/6EAE8B27FCC11ED892E92A59D6C840CC},
	urldate = {2024-07-01},
	author = {{SAP SE}},
	year = {2024},
	file = {SAP Industry Solution Portfolio:/Users/I570199/Zotero/storage/B3RB7FNC/6EAE8B27FCC11ED892E92A59D6C840CC.html:text/html},
}

@misc{theorie_sap_commodity_management_2024,
	title = {{SAP} {Commodity} {Management} {\textbar} {Finance} and {Procurement}},
	url = {https://www.sap.com/germany/products/financial-management/commodity-management.html},
	abstract = {Better manage price volatility and commodity risk – with our commodity management software.},
	language = {English},
	urldate = {2024-07-01},
	journal = {SAP},
	author = {{SE}},
	year = {2024},
	file = {Snapshot:/Users/I570199/Zotero/storage/83YSPZLZ/commodity-management.html:text/html},
}

@misc{theorie_sap_contract_price_renegotiation_2024,
	title = {{SAP} {Ariba} {Direct} {Materials} {Sourcing} for {Automotive} and {Industrial} {Manufacturing} in {SAP} {S}/{4HANA}, {Contract} {Price} {Renegotiation} {Add}-on {\textbar} {SAP} {Help} {Portal}},
	url = {https://help.sap.com/docs/CONTRACT_PRICE_RENEGOTIATION/73ab209bd5d747a795cadddb674ba421/f18ae6a5362c47b6b6438c5c880ed0f3.html?locale=en-US},
	urldate = {2024-07-01},
	author = {{SAP SE}},
	year = {2024},
	file = {SAP Ariba Direct Materials Sourcing for Automotive and Industrial Manufacturing in SAP S/4HANA, Contract Price Renegotiation Add-on | SAP Help Portal:/Users/I570199/Zotero/storage/VT3JDCV6/f18ae6a5362c47b6b6438c5c880ed0f3.html:text/html},
}

@misc{theorie_sap_central_procurement_overview_2024,
	title = {{SAP} {Ariba} {Central} {Procurement}, {Private} {Cloud} {Edition} {\textbar} {Zentraler} {Einkauf}},
	url = {https://www.sap.com/germany/products/spend-management/centralized-procurement.html},
	abstract = {Erfahren Sie, wie Sie mit SAP-Lösungen für eine zentrale Beschaffung die Transparenz steigern, die Compliance verbessern und die Kosten senken können.},
	language = {German},
	urldate = {2024-06-26},
	journal = {SAP},
	author = {{SAP SE}},
	year = {2024},
	file = {Snapshot:/Users/I570199/Zotero/storage/ZCRQ4IQX/centralized-procurement.html:text/html},
}

@misc{theorie_sap_central_contract_overview_2024,
	title = {Central {Purchase} {Contracts} {\textbar} {SAP} {Help} {Portal}},
	url = {https://help.sap.com/docs/SAP_S4HANA_CLOUD/0e602d466b99490187fcbb30d1dc897c/7d38e396d29949f9b8eb7227289dc58a.html?locale=en-US},
	urldate = {2024-07-02},
	author = {{SAP SE}},
	year = {2024},
	file = {Central Purchase Contracts | SAP Help Portal:/Users/I570199/Zotero/storage/H5VNLDMP/fb8697eea5964302ab99d4770f2325bf.html:text/html},
}

@book{theorie_staud_geschäftsprozessanalyse_2006,
	address = {Berlin, Heidelberg},
	title = {Geschäftsprozessanalyse},
	copyright = {http://www.springer.com/tdm},
	isbn = {978-3-540-24510-0},
	url = {http://link.springer.com/10.1007/3-540-37976-2},
	language = {de},
	urldate = {2024-06-11},
	publisher = {Springer},
	author = {{Josef Staud}},
	year = {2006},
	doi = {10.1007/3-540-37976-2},
	keywords = {Betriebswirtschaft, Betriebswirtschaftliche Standardsoftware, Ereignisgesteuerte Prozessketten, ERP-Software, Geschäftsprozess, Geschäftsprozesse, Geschäftsprozessmodellierung, Methoden, Modellierung, Optimierung von Geschäftsprozessen, Prozessmodellierun},
	file = {Submitted Version:/Users/I570199/Zotero/storage/237XW7HU/2006 - Geschäftsprozessanalyse.pdf:application/pdf},
}

@article{theorie_berkau_arten_geschäftsprozesse_1998,
	title = {Instrumente der {Datenverarbeitung} für das effiziente {Prozesscontrolling}},
	volume = {2},
	journal = {Kostenrechnungspraxis},
	author = {Berkau, Carsten},
	year = {1998},
	pages = {27--32},
}

@techreport{theorie_koch_studie_kriterien_geschäftsprozess_2003,
	address = {München},
	type = {Working {Paper}},
	title = {Business {Process} {Redesign} als nachhaltiger {Trend}? {Eine} empirische {Studie} zu {Aktualität}, {Inhalten} und {Gestaltung} in deutschen {Großunternehmen}},
	copyright = {http://www.econstor.eu/dspace/Nutzungsbedingungen},
	shorttitle = {Business {Process} {Redesign} als nachhaltiger {Trend}?},
	url = {https://www.econstor.eu/handle/10419/60069},
	language = {ger},
	number = {6/2003},
	urldate = {2024-07-03},
	institution = {Ludwig-Maximilians-Universität München, Institut für Wirtschaftsinformatik und Neue Medien (WIM)},
	author = {Koch, Dagmar and Hess, Thomas},
	year = {2003},
	file = {Full Text PDF:/Users/I570199/Zotero/storage/FMVTAXX9/Koch and Hess - 2003 - Business Process Redesign als nachhaltiger Trend .pdf:application/pdf},
}

@book{theorie_riekhof_geschäftsprozess_einordnung_1997,
	address = {Stuttgart},
	title = {Beschleunigung von {Geschäftsprozessen}: {Wettbewerbsvorteile} durch {Lernfähigkeit} ; mit {Fallstudien} von {AFG} - {Bosch} - {Phoenix} - {Siemens} - {Volkswagen} - {Würth}},
	isbn = {978-3-7910-1073-1},
	shorttitle = {Beschleunigung von {Geschäftsprozessen}},
	language = {ger},
	publisher = {Schäffer-Pöschel},
	editor = {Riekhof, Hans-Christian},
	year = {1997},
	keywords = {Fallstudiensammlung, Organisatorisches Lernen, Prozessmanagement},
}

@book{theorie_gadatsch_grundkurs_geschäftsprozessmanagement_2010,
	address = {Wiesbaden},
	title = {Grundkurs {Geschäftsprozess}-{Management}},
	copyright = {http://www.springer.com/tdm},
	isbn = {978-3-8348-0762-5 978-3-8348-9346-8},
	url = {http://link.springer.com/10.1007/978-3-8348-9346-8},
	language = {de},
	urldate = {2024-06-11},
	publisher = {Vieweg+Teubner},
	author = {Gadatsch, Andreas},
	year = {2010},
	doi = {10.1007/978-3-8348-9346-8},
	keywords = {Geschäftsprozess, Geschäftsprozesse, Geschäftsprozessmodellierung, Modellierung, Business Process Management, Datenmodell, Geschäftsprozessmanagement, Lernen, Prozessmanagement, Prozessmodellierung, Simulation, Standardsoftware, Workflow, Workflow-Management, Workflow-Management-System},
	file = {Submitted Version:/Users/I570199/Zotero/storage/65JWGDJP/Gadatsch - 2010 - Grundkurs Geschäftsprozess-Management.pdf:application/pdf},
}

@incollection{theorie_gaitanides_geschäftsprozess_prozessmanagement_2010,
	address = {Aachen},
	series = {Texte zur {Wirtschaftspädagogik} und {Personalentwicklung}},
	title = {Geschäftsprozess und {Prozessmanagement}},
	isbn = {978-3-8322-8832-7},
	url = {https://open.fau.de/items/f88adf8f-6b31-4cf2-b93f-20834ff1bacb},
	language = {Deutsch},
	number = {4},
	urldate = {2024-07-07},
	booktitle = {Prozessorientierte {Wirtschaftsdidaktik} und {Einsatz} von {ERP}-{Systemen} im kaufmännischen {Unterricht}},
	publisher = {Shaker Verlag},
	author = {Gaitanides, Michael},
	year = {2010},
	pages = {11--29},
}

@book{theorie_best_geschaftsprozesse_optimieren_2009,
	address = {Wiesbaden},
	title = {Geschäftsprozesse optimieren},
	copyright = {http://www.springer.com/tdm},
	isbn = {978-3-8349-1384-5 978-3-8349-9410-3},
	url = {http://link.springer.com/10.1007/978-3-8349-9410-3},
	language = {de},
	urldate = {2024-07-02},
	publisher = {Gabler},
	author = {Best, Eva and Weth, Martin},
	year = {2009},
	doi = {10.1007/978-3-8349-9410-3},
	keywords = {Change Management, Geschäftsprozess, Geschäftsprozesse, Kompetenzen, Leistungsmessung, Management, Manager, Organisation, Planung, Prozessoptimierung, Reorganisation, Unternehmenskultur, Unternehmer, Veränderungsmanagement, Wissensmanagement},
	file = {Submitted Version:/Users/I570199/Zotero/storage/6KPWHF2W/Best and Weth - 2009 - Geschäftsprozesse optimieren.pdf:application/pdf},
}